<record><leader>00000cas a22000007a 4500</leader><controlfield tag="001">12272310</controlfield><controlfield tag="008">850717d18591879miuwr ne      0    0eng c</controlfield><datafield ind1=" " ind2=" " tag="010"><subfield code="a">sn 85026558 </subfield></datafield><datafield ind1=" " ind2=" " tag="040"><subfield code="a">NPX</subfield><subfield code="b">eng</subfield><subfield code="c">NPX</subfield><subfield code="d">DLC</subfield><subfield code="d">MHN</subfield><subfield code="d">DLC</subfield><subfield code="d">OCL</subfield><subfield code="d">OCLCQ</subfield><subfield code="d">OCLCF</subfield><subfield code="d">OCLCO</subfield></datafield><datafield ind1=" " ind2=" " tag="019"><subfield code="a">12273348</subfield></datafield><datafield ind1=" " ind2=" " tag="042"><subfield code="a">pcc</subfield></datafield><datafield ind1=" " ind2=" " tag="043"><subfield code="a">n-us-mi</subfield></datafield><datafield ind1="0" ind2="0" tag="245"><subfield code="a">Saginaw Republican.</subfield></datafield><datafield ind1=" " ind2=" " tag="260"><subfield code="a">Saginaw, Mich. :</subfield><subfield code="b">C.V. Deland</subfield></datafield><datafield ind1=" " ind2=" " tag="300"><subfield code="a">v.</subfield></datafield><datafield ind1=" " ind2=" " tag="310"><subfield code="a">Weekly</subfield></datafield><datafield ind1="1" ind2=" " tag="362"><subfield code="a">Began with Aug. 1, 1859 issue; ceased in 1879?</subfield></datafield><datafield ind1=" " ind2=" " tag="500"><subfield code="a">"Republican," &lt;1876&gt;.</subfield></datafield><datafield ind1=" " ind2=" " tag="580"><subfield code="a">Issued with: Saginaw herald, &lt;Jan. 16, 1879&gt;-May 8, 1879.</subfield></datafield><datafield ind1=" " ind2=" " tag="588"><subfield code="a">Description based on: Vol. 10, no. 535 (May 2, 1867).</subfield></datafield><datafield ind1=" " ind2="0" tag="651"><subfield code="a">Saginaw (Mich.)</subfield><subfield code="v">Newspapers.</subfield></datafield><datafield ind1=" " ind2="0" tag="651"><subfield code="a">Saginaw County (Mich.)</subfield><subfield code="v">Newspapers.</subfield></datafield><datafield ind1=" " ind2="7" tag="655"><subfield code="a">Newspapers.</subfield><subfield code="2">fast</subfield><subfield code="0">(OCoLC)fst01423814</subfield></datafield><datafield ind1=" " ind2="7" tag="651"><subfield code="a">Michigan</subfield><subfield code="z">Saginaw.</subfield><subfield code="2">fast</subfield><subfield code="0">(OCoLC)fst01210104</subfield></datafield><datafield ind1=" " ind2="7" tag="651"><subfield code="a">Michigan</subfield><subfield code="z">Saginaw County.</subfield><subfield code="2">fast</subfield><subfield code="0">(OCoLC)fst01202880</subfield></datafield><datafield ind1=" " ind2=" " tag="752"><subfield code="a">United States</subfield><subfield code="b">Michigan</subfield><subfield code="c">Saginaw</subfield><subfield code="d">Saginaw.</subfield></datafield><datafield ind1="1" ind2=" " tag="777"><subfield code="a">Saginaw herald</subfield><subfield code="w">(DLC)sn 97063072</subfield><subfield code="w">(OCoLC)36280417</subfield></datafield></record>